@book{book_label,
    Author = "{Qiita 太郎}",
    Title = "{タイトル}",
    Publisher = "{Qiita出版}",
    Year = "{2019}",
}


@misc{webpage_label,
    Author = "Qiita",
    Title = "{LaTeXでbibtexを使う方法}",
    note = "\url{https://www.qiita.com} (参照 2019-01-01)"
}
